%YAML 1.1
%TAG !u! tag:unity3d.com,2011:
--- !u!29 &1
OcclusionCullingSettings:
  m_ObjectHideFlags: 0
  serializedVersion: 2
  m_OcclusionBakeSettings:
    smallestOccluder: 5
    smallestHole: 0.25
    backfaceThreshold: 100
  m_SceneGUID: 00000000000000000000000000000000
  m_OcclusionCullingData: {fileID: 0}
--- !u!104 &2
RenderSettings:
  m_ObjectHideFlags: 0
  serializedVersion: 9
  m_Fog: 0
  m_FogColor: {r: 0.5, g: 0.5, b: 0.5, a: 1}
  m_FogMode: 3
  m_FogDensity: 0.01
  m_LinearFogStart: 0
  m_LinearFogEnd: 300
  m_AmbientSkyColor: {r: 0.212, g: 0.227, b: 0.259, a: 1}
  m_AmbientEquatorColor: {r: 0.114, g: 0.125, b: 0.133, a: 1}
  m_AmbientGroundColor: {r: 0.047, g: 0.043, b: 0.035, a: 1}
  m_AmbientIntensity: 1
  m_AmbientMode: 0
  m_SubtractiveShadowColor: {r: 0.42, g: 0.478, b: 0.627, a: 1}
  m_SkyboxMaterial: {fileID: 10304, guid: 0000000000000000f000000000000000, type: 0}
  m_HaloStrength: 0.5
  m_FlareStrength: 1
  m_FlareFadeSpeed: 3
  m_HaloTexture: {fileID: 0}
  m_SpotCookie: {fileID: 10001, guid: 0000000000000000e000000000000000, type: 0}
  m_DefaultReflectionMode: 0
  m_DefaultReflectionResolution: 128
  m_ReflectionBounces: 1
  m_ReflectionIntensity: 1
  m_CustomReflection: {fileID: 0}
  m_Sun: {fileID: 0}
  m_IndirectSpecularColor: {r: 0, g: 0, b: 0, a: 1}
  m_UseRadianceAmbientProbe: 0
--- !u!157 &3
LightmapSettings:
  m_ObjectHideFlags: 0
  serializedVersion: 11
  m_GIWorkflowMode: 0
  m_GISettings:
    serializedVersion: 2
    m_BounceScale: 1
    m_IndirectOutputScale: 1
    m_AlbedoBoost: 1
    m_TemporalCoherenceThreshold: 1
    m_EnvironmentLightingMode: 0
    m_EnableBakedLightmaps: 1
    m_EnableRealtimeLightmaps: 1
  m_LightmapEditorSettings:
    serializedVersion: 10
    m_Resolution: 2
    m_BakeResolution: 40
    m_AtlasSize: 1024
    m_AO: 0
    m_AOMaxDistance: 1
    m_CompAOExponent: 1
    m_CompAOExponentDirect: 0
    m_Padding: 2
    m_LightmapParameters: {fileID: 0}
    m_LightmapsBakeMode: 1
    m_TextureCompression: 1
    m_FinalGather: 0
    m_FinalGatherFiltering: 1
    m_FinalGatherRayCount: 256
    m_ReflectionCompression: 2
    m_MixedBakeMode: 2
    m_BakeBackend: 0
    m_PVRSampling: 1
    m_PVRDirectSampleCount: 32
    m_PVRSampleCount: 500
    m_PVRBounces: 2
    m_PVRFilterTypeDirect: 0
    m_PVRFilterTypeIndirect: 0
    m_PVRFilterTypeAO: 0
    m_PVRFilteringMode: 1
    m_PVRCulling: 1
    m_PVRFilteringGaussRadiusDirect: 1
    m_PVRFilteringGaussRadiusIndirect: 5
    m_PVRFilteringGaussRadiusAO: 2
    m_PVRFilteringAtrousPositionSigmaDirect: 0.5
    m_PVRFilteringAtrousPositionSigmaIndirect: 2
    m_PVRFilteringAtrousPositionSigmaAO: 1
    m_ShowResolutionOverlay: 1
  m_LightingDataAsset: {fileID: 0}
  m_UseShadowmask: 1
--- !u!196 &4
NavMeshSettings:
  serializedVersion: 2
  m_ObjectHideFlags: 0
  m_BuildSettings:
    serializedVersion: 2
    agentTypeID: 0
    agentRadius: 0.5
    agentHeight: 2
    agentSlope: 45
    agentClimb: 0.4
    ledgeDropHeight: 0
    maxJumpAcrossDistance: 0
    minRegionArea: 2
    manualCellSize: 0
    cellSize: 0.16666667
    manualTileSize: 0
    tileSize: 256
    accuratePlacement: 0
    debug:
      m_Flags: 0
  m_NavMeshData: {fileID: 0}
--- !u!1 &125730304
GameObject:
  m_ObjectHideFlags: 0
  m_CorrespondingSourceObject: {fileID: 1698678233333060, guid: 6d13169903f75984f913fb6011d61d81,
    type: 2}
  m_PrefabInternal: {fileID: 164729988}
  serializedVersion: 6
  m_Component:
  - component: {fileID: 125730307}
  - component: {fileID: 125730306}
  - component: {fileID: 125730305}
  m_Layer: 0
  m_Name: ScaffoldA
  m_TagString: Untagged
  m_Icon: {fileID: 0}
  m_NavMeshLayer: 0
  m_StaticEditorFlags: 0
  m_IsActive: 1
--- !u!64 &125730305
MeshCollider:
  m_ObjectHideFlags: 0
  m_CorrespondingSourceObject: {fileID: 64211129667612966, guid: 6d13169903f75984f913fb6011d61d81,
    type: 2}
  m_PrefabInternal: {fileID: 164729988}
  m_GameObject: {fileID: 125730304}
  m_Material: {fileID: 0}
  m_IsTrigger: 0
  m_Enabled: 1
  serializedVersion: 3
  m_Convex: 0
  m_CookingOptions: 14
  m_SkinWidth: 0.01
  m_Mesh: {fileID: 4300004, guid: 21613a0f4e8f2d146a4b02d3cfe8d0f0, type: 3}
--- !u!205 &125730306
LODGroup:
  m_ObjectHideFlags: 0
  m_CorrespondingSourceObject: {fileID: 205210557918455568, guid: 6d13169903f75984f913fb6011d61d81,
    type: 2}
  m_PrefabInternal: {fileID: 164729988}
  m_GameObject: {fileID: 125730304}
  serializedVersion: 2
  m_LocalReferencePoint: {x: 0.00000011920929, y: 2.113254, z: 0.49447966}
  m_Size: 6.6855
  m_FadeMode: 0
  m_AnimateCrossFading: 0
  m_LODs:
  - screenRelativeHeight: 0.6
    fadeTransitionWidth: 0
    renderers:
    - renderer: {fileID: 1479105031}
  - screenRelativeHeight: 0.3
    fadeTransitionWidth: 0
    renderers:
    - renderer: {fileID: 1599052932}
  - screenRelativeHeight: 0.050025538
    fadeTransitionWidth: 0
    renderers:
    - renderer: {fileID: 702316776}
  m_Enabled: 1
--- !u!4 &125730307
Transform:
  m_ObjectHideFlags: 0
  m_CorrespondingSourceObject: {fileID: 4082740081260722, guid: 6d13169903f75984f913fb6011d61d81,
    type: 2}
  m_PrefabInternal: {fileID: 164729988}
  m_GameObject: {fileID: 125730304}
  m_LocalRotation: {x: 0, y: 0, z: 0, w: 1}
  m_LocalPosition: {x: 3.49, y: 0, z: 0}
  m_LocalScale: {x: 1, y: 1, z: 1}
  m_Children:
  - {fileID: 1479105033}
  - {fileID: 1599052934}
  - {fileID: 702316778}
  m_Father: {fileID: 0}
  m_RootOrder: 2
  m_LocalEulerAnglesHint: {x: 0, y: 0, z: 0}
--- !u!1001 &164729988
Prefab:
  m_ObjectHideFlags: 0
  serializedVersion: 2
  m_Modification:
    m_TransformParent: {fileID: 0}
    m_Modifications:
    - target: {fileID: 4082740081260722, guid: 6d13169903f75984f913fb6011d61d81, type: 2}
      propertyPath: m_LocalPosition.x
      value: 3.49
      objectReference: {fileID: 0}
    - target: {fileID: 4082740081260722, guid: 6d13169903f75984f913fb6011d61d81, type: 2}
      propertyPath: m_LocalPosition.y
      value: 0
      objectReference: {fileID: 0}
    - target: {fileID: 4082740081260722, guid: 6d13169903f75984f913fb6011d61d81, type: 2}
      propertyPath: m_LocalPosition.z
      value: 0
      objectReference: {fileID: 0}
    - target: {fileID: 4082740081260722, guid: 6d13169903f75984f913fb6011d61d81, type: 2}
      propertyPath: m_LocalRotation.x
      value: 0
      objectReference: {fileID: 0}
    - target: {fileID: 4082740081260722, guid: 6d13169903f75984f913fb6011d61d81, type: 2}
      propertyPath: m_LocalRotation.y
      value: 0
      objectReference: {fileID: 0}
    - target: {fileID: 4082740081260722, guid: 6d13169903f75984f913fb6011d61d81, type: 2}
      propertyPath: m_LocalRotation.z
      value: 0
      objectReference: {fileID: 0}
    - target: {fileID: 4082740081260722, guid: 6d13169903f75984f913fb6011d61d81, type: 2}
      propertyPath: m_LocalRotation.w
      value: 1
      objectReference: {fileID: 0}
    - target: {fileID: 4082740081260722, guid: 6d13169903f75984f913fb6011d61d81, type: 2}
      propertyPath: m_RootOrder
      value: 2
      objectReference: {fileID: 0}
    m_RemovedComponents: []
  m_SourcePrefab: {fileID: 100100000, guid: 6d13169903f75984f913fb6011d61d81, type: 2}
  m_RootGameObject: {fileID: 125730304}
  m_IsPrefabAsset: 0
--- !u!1 &240528251
GameObject:
  m_ObjectHideFlags: 0
  m_CorrespondingSourceObject: {fileID: 0}
  m_PrefabInternal: {fileID: 0}
  serializedVersion: 6
  m_Component:
  - component: {fileID: 240528256}
  - component: {fileID: 240528255}
  - component: {fileID: 240528254}
  - component: {fileID: 240528253}
  - component: {fileID: 240528252}
  m_Layer: 0
  m_Name: Main Camera
  m_TagString: MainCamera
  m_Icon: {fileID: 0}
  m_NavMeshLayer: 0
  m_StaticEditorFlags: 0
  m_IsActive: 1
--- !u!81 &240528252
AudioListener:
  m_ObjectHideFlags: 0
  m_CorrespondingSourceObject: {fileID: 0}
  m_PrefabInternal: {fileID: 0}
  m_GameObject: {fileID: 240528251}
  m_Enabled: 1
--- !u!124 &240528253
Behaviour:
  m_ObjectHideFlags: 0
  m_CorrespondingSourceObject: {fileID: 0}
  m_PrefabInternal: {fileID: 0}
  m_GameObject: {fileID: 240528251}
  m_Enabled: 1
--- !u!92 &240528254
Behaviour:
  m_ObjectHideFlags: 0
  m_CorrespondingSourceObject: {fileID: 0}
  m_PrefabInternal: {fileID: 0}
  m_GameObject: {fileID: 240528251}
  m_Enabled: 1
--- !u!20 &240528255
Camera:
  m_ObjectHideFlags: 0
  m_CorrespondingSourceObject: {fileID: 0}
  m_PrefabInternal: {fileID: 0}
  m_GameObject: {fileID: 240528251}
  m_Enabled: 1
  serializedVersion: 2
  m_ClearFlags: 2
  m_BackGroundColor: {r: 0.760705, g: 0.84804523, b: 0.9852941, a: 0}
  m_projectionMatrixMode: 1
  m_SensorSize: {x: 36, y: 24}
  m_LensShift: {x: 0, y: 0}
  m_FocalLength: 50
  m_NormalizedViewPortRect:
    serializedVersion: 2
    x: 0
    y: 0
    width: 1
    height: 1
  near clip plane: 0.3
  far clip plane: 1000
  field of view: 60
  orthographic: 0
  orthographic size: 5
  m_Depth: -1
  m_CullingMask:
    serializedVersion: 2
    m_Bits: 4294967295
  m_RenderingPath: -1
  m_TargetTexture: {fileID: 0}
  m_TargetDisplay: 0
  m_TargetEye: 3
  m_HDR: 1
  m_AllowMSAA: 1
  m_AllowDynamicResolution: 0
  m_ForceIntoRT: 0
  m_OcclusionCulling: 1
  m_StereoConvergence: 10
  m_StereoSeparation: 0.022
--- !u!4 &240528256
Transform:
  m_ObjectHideFlags: 0
  m_CorrespondingSourceObject: {fileID: 0}
  m_PrefabInternal: {fileID: 0}
  m_GameObject: {fileID: 240528251}
  m_LocalRotation: {x: 0.031064922, y: -0.96885353, z: 0.17998947, w: 0.16721737}
  m_LocalPosition: {x: 4.95, y: 4.26, z: 6.56}
  m_LocalScale: {x: 1, y: 1, z: 1}
  m_Children: []
  m_Father: {fileID: 0}
  m_RootOrder: 0
  m_LocalEulerAnglesHint: {x: 21.048, y: -160.41501, z: 0}
--- !u!1 &702316775
GameObject:
  m_ObjectHideFlags: 0
  m_CorrespondingSourceObject: {fileID: 1614545641002888, guid: 6d13169903f75984f913fb6011d61d81,
    type: 2}
  m_PrefabInternal: {fileID: 164729988}
  serializedVersion: 6
  m_Component:
  - component: {fileID: 702316778}
  - component: {fileID: 702316777}
  - component: {fileID: 702316776}
  m_Layer: 0
  m_Name: ScaffoldA_L3
  m_TagString: Untagged
  m_Icon: {fileID: 0}
  m_NavMeshLayer: 0
  m_StaticEditorFlags: 0
  m_IsActive: 1
--- !u!23 &702316776
MeshRenderer:
  m_ObjectHideFlags: 0
  m_CorrespondingSourceObject: {fileID: 23216994545705068, guid: 6d13169903f75984f913fb6011d61d81,
    type: 2}
  m_PrefabInternal: {fileID: 164729988}
  m_GameObject: {fileID: 702316775}
  m_Enabled: 1
  m_CastShadows: 1
  m_ReceiveShadows: 1
  m_DynamicOccludee: 1
  m_MotionVectors: 1
  m_LightProbeUsage: 1
  m_ReflectionProbeUsage: 1
  m_RenderingLayerMask: 4294967295
  m_Materials:
  - {fileID: 2100000, guid: 86f0cf1a228dbfb42b75f320c8cae64b, type: 2}
  m_StaticBatchInfo:
    firstSubMesh: 0
    subMeshCount: 0
  m_StaticBatchRoot: {fileID: 0}
  m_ProbeAnchor: {fileID: 0}
  m_LightProbeVolumeOverride: {fileID: 0}
  m_ScaleInLightmap: 1
  m_PreserveUVs: 0
  m_IgnoreNormalsForChartDetection: 0
  m_ImportantGI: 0
  m_StitchLightmapSeams: 0
  m_SelectedEditorRenderState: 3
  m_MinimumChartSize: 4
  m_AutoUVMaxDistance: 0.5
  m_AutoUVMaxAngle: 89
  m_LightmapParameters: {fileID: 0}
  m_SortingLayerID: 0
  m_SortingLayer: 0
  m_SortingOrder: 0
--- !u!33 &702316777
MeshFilter:
  m_ObjectHideFlags: 0
  m_CorrespondingSourceObject: {fileID: 33589590946936054, guid: 6d13169903f75984f913fb6011d61d81,
    type: 2}
  m_PrefabInternal: {fileID: 164729988}
  m_GameObject: {fileID: 702316775}
  m_Mesh: {fileID: 4300004, guid: 21613a0f4e8f2d146a4b02d3cfe8d0f0, type: 3}
--- !u!4 &702316778
Transform:
  m_ObjectHideFlags: 0
  m_CorrespondingSourceObject: {fileID: 4257479277124322, guid: 6d13169903f75984f913fb6011d61d81,
    type: 2}
  m_PrefabInternal: {fileID: 164729988}
  m_GameObject: {fileID: 702316775}
  m_LocalRotation: {x: 0, y: -0, z: -0, w: 1}
  m_LocalPosition: {x: -0, y: 0, z: 0}
  m_LocalScale: {x: 1, y: 1, z: 1}
  m_Children: []
  m_Father: {fileID: 125730307}
  m_RootOrder: 2
  m_LocalEulerAnglesHint: {x: 0, y: 0, z: 0}
--- !u!1 &743682429
GameObject:
  m_ObjectHideFlags: 0
  m_CorrespondingSourceObject: {fileID: 1254847603982408, guid: 946f2c824deca66409f16e2bd2a248d5,
    type: 2}
  m_PrefabInternal: {fileID: 1672136003}
  serializedVersion: 6
  m_Component:
  - component: {fileID: 743682432}
  - component: {fileID: 743682431}
  - component: {fileID: 743682430}
  m_Layer: 0
  m_Name: ScaffoldB
  m_TagString: Untagged
  m_Icon: {fileID: 0}
  m_NavMeshLayer: 0
  m_StaticEditorFlags: 0
  m_IsActive: 1
--- !u!64 &743682430
MeshCollider:
  m_ObjectHideFlags: 0
  m_CorrespondingSourceObject: {fileID: 64998347019871346, guid: 946f2c824deca66409f16e2bd2a248d5,
    type: 2}
  m_PrefabInternal: {fileID: 1672136003}
  m_GameObject: {fileID: 743682429}
  m_Material: {fileID: 0}
  m_IsTrigger: 0
  m_Enabled: 1
  serializedVersion: 3
  m_Convex: 0
  m_CookingOptions: 14
  m_SkinWidth: 0.01
  m_Mesh: {fileID: 4300010, guid: 21613a0f4e8f2d146a4b02d3cfe8d0f0, type: 3}
--- !u!205 &743682431
LODGroup:
  m_ObjectHideFlags: 0
  m_CorrespondingSourceObject: {fileID: 205748415777580674, guid: 946f2c824deca66409f16e2bd2a248d5,
    type: 2}
  m_PrefabInternal: {fileID: 1672136003}
  m_GameObject: {fileID: 743682429}
  serializedVersion: 2
  m_LocalReferencePoint: {x: -0.37498307, y: 0.82654643, z: 0.022140026}
  m_Size: 5.4286137
  m_FadeMode: 0
  m_AnimateCrossFading: 0
  m_LODs:
  - screenRelativeHeight: 0.6
    fadeTransitionWidth: 0
    renderers:
    - renderer: {fileID: 1344700323}
  - screenRelativeHeight: 0.3
    fadeTransitionWidth: 0
    renderers:
    - renderer: {fileID: 1112401032}
  - screenRelativeHeight: 0.045542043
    fadeTransitionWidth: 0
    renderers:
    - renderer: {fileID: 1631967145}
  m_Enabled: 1
--- !u!4 &743682432
Transform:
  m_ObjectHideFlags: 0
  m_CorrespondingSourceObject: {fileID: 4269640270012196, guid: 946f2c824deca66409f16e2bd2a248d5,
    type: 2}
  m_PrefabInternal: {fileID: 1672136003}
  m_GameObject: {fileID: 743682429}
  m_LocalRotation: {x: 0, y: 0, z: 0, w: 1}
  m_LocalPosition: {x: -3.09, y: 0, z: 0}
  m_LocalScale: {x: 1, y: 1, z: 1}
  m_Children:
  - {fileID: 1344700325}
  - {fileID: 1112401034}
  - {fileID: 1631967147}
  m_Father: {fileID: 0}
  m_RootOrder: 1
  m_LocalEulerAnglesHint: {x: 0, y: 0, z: 0}
--- !u!1 &879587581
GameObject:
  m_ObjectHideFlags: 0
  m_CorrespondingSourceObject: {fileID: 0}
  m_PrefabInternal: {fileID: 0}
  serializedVersion: 6
  m_Component:
  - component: {fileID: 879587583}
  - component: {fileID: 879587582}
  m_Layer: 0
  m_Name: Directional Light
  m_TagString: Untagged
  m_Icon: {fileID: 0}
  m_NavMeshLayer: 0
  m_StaticEditorFlags: 0
  m_IsActive: 1
--- !u!108 &879587582
Light:
  m_ObjectHideFlags: 0
  m_CorrespondingSourceObject: {fileID: 0}
  m_PrefabInternal: {fileID: 0}
  m_GameObject: {fileID: 879587581}
  m_Enabled: 1
  serializedVersion: 8
  m_Type: 1
  m_Color: {r: 1, g: 0.95686275, b: 0.8392157, a: 1}
  m_Intensity: 1
  m_Range: 10
  m_SpotAngle: 30
  m_CookieSize: 10
  m_Shadows:
    m_Type: 2
    m_Resolution: -1
    m_CustomResolution: -1
    m_Strength: 1
    m_Bias: 0.05
    m_NormalBias: 0.4
    m_NearPlane: 0.2
  m_Cookie: {fileID: 0}
  m_DrawHalo: 0
  m_Flare: {fileID: 0}
  m_RenderMode: 0
  m_CullingMask:
    serializedVersion: 2
    m_Bits: 4294967295
  m_Lightmapping: 4
  m_LightShadowCasterMode: 0
  m_AreaSize: {x: 1, y: 1}
  m_BounceIntensity: 1
  m_ColorTemperature: 6570
  m_UseColorTemperature: 0
  m_ShadowRadius: 0
  m_ShadowAngle: 0
--- !u!4 &879587583
Transform:
  m_ObjectHideFlags: 0
  m_CorrespondingSourceObject: {fileID: 0}
  m_PrefabInternal: {fileID: 0}
  m_GameObject: {fileID: 879587581}
  m_LocalRotation: {x: -0.11974712, y: -0.86916536, z: 0.4052984, w: -0.25679854}
  m_LocalPosition: {x: 0, y: 3, z: 0}
  m_LocalScale: {x: 1, y: 1, z: 1}
  m_Children: []
  m_Father: {fileID: 0}
  m_RootOrder: 3
  m_LocalEulerAnglesHint: {x: 50, y: -212.92, z: 0}
--- !u!1 &1112401031
GameObject:
  m_ObjectHideFlags: 0
  m_CorrespondingSourceObject: {fileID: 1659834228569692, guid: 946f2c824deca66409f16e2bd2a248d5,
    type: 2}
  m_PrefabInternal: {fileID: 1672136003}
  serializedVersion: 6
  m_Component:
  - component: {fileID: 1112401034}
  - component: {fileID: 1112401033}
  - component: {fileID: 1112401032}
  m_Layer: 0
  m_Name: ScaffoldB_L1
  m_TagString: Untagged
  m_Icon: {fileID: 0}
  m_NavMeshLayer: 0
  m_StaticEditorFlags: 0
  m_IsActive: 1
--- !u!23 &1112401032
MeshRenderer:
  m_ObjectHideFlags: 0
  m_CorrespondingSourceObject: {fileID: 23235770427431158, guid: 946f2c824deca66409f16e2bd2a248d5,
    type: 2}
  m_PrefabInternal: {fileID: 1672136003}
  m_GameObject: {fileID: 1112401031}
  m_Enabled: 1
  m_CastShadows: 1
  m_ReceiveShadows: 1
  m_DynamicOccludee: 1
  m_MotionVectors: 1
  m_LightProbeUsage: 1
  m_ReflectionProbeUsage: 1
  m_RenderingLayerMask: 4294967295
  m_Materials:
  - {fileID: 2100000, guid: 86f0cf1a228dbfb42b75f320c8cae64b, type: 2}
  m_StaticBatchInfo:
    firstSubMesh: 0
    subMeshCount: 0
  m_StaticBatchRoot: {fileID: 0}
  m_ProbeAnchor: {fileID: 0}
  m_LightProbeVolumeOverride: {fileID: 0}
  m_ScaleInLightmap: 1
  m_PreserveUVs: 0
  m_IgnoreNormalsForChartDetection: 0
  m_ImportantGI: 0
  m_StitchLightmapSeams: 0
  m_SelectedEditorRenderState: 3
  m_MinimumChartSize: 4
  m_AutoUVMaxDistance: 0.5
  m_AutoUVMaxAngle: 89
  m_LightmapParameters: {fileID: 0}
  m_SortingLayerID: 0
  m_SortingLayer: 0
  m_SortingOrder: 0
--- !u!33 &1112401033
MeshFilter:
  m_ObjectHideFlags: 0
  m_CorrespondingSourceObject: {fileID: 33477113246617308, guid: 946f2c824deca66409f16e2bd2a248d5,
    type: 2}
  m_PrefabInternal: {fileID: 1672136003}
  m_GameObject: {fileID: 1112401031}
  m_Mesh: {fileID: 4300008, guid: 21613a0f4e8f2d146a4b02d3cfe8d0f0, type: 3}
--- !u!4 &1112401034
Transform:
  m_ObjectHideFlags: 0
  m_CorrespondingSourceObject: {fileID: 4026016197790824, guid: 946f2c824deca66409f16e2bd2a248d5,
    type: 2}
  m_PrefabInternal: {fileID: 1672136003}
  m_GameObject: {fileID: 1112401031}
  m_LocalRotation: {x: 0, y: -0, z: -0, w: 1}
  m_LocalPosition: {x: -0, y: 0, z: 0}
  m_LocalScale: {x: 1, y: 1, z: 1}
  m_Children: []
  m_Father: {fileID: 743682432}
  m_RootOrder: 1
  m_LocalEulerAnglesHint: {x: 0, y: 0, z: 0}
--- !u!1 &1344700322
GameObject:
  m_ObjectHideFlags: 0
  m_CorrespondingSourceObject: {fileID: 1750610237945576, guid: 946f2c824deca66409f16e2bd2a248d5,
    type: 2}
  m_PrefabInternal: {fileID: 1672136003}
  serializedVersion: 6
  m_Component:
  - component: {fileID: 1344700325}
  - component: {fileID: 1344700324}
  - component: {fileID: 1344700323}
  m_Layer: 0
  m_Name: ScaffoldB_L0
  m_TagString: Untagged
  m_Icon: {fileID: 0}
  m_NavMeshLayer: 0
  m_StaticEditorFlags: 0
  m_IsActive: 1
--- !u!23 &1344700323
MeshRenderer:
  m_ObjectHideFlags: 0
  m_CorrespondingSourceObject: {fileID: 23439608911883978, guid: 946f2c824deca66409f16e2bd2a248d5,
    type: 2}
  m_PrefabInternal: {fileID: 1672136003}
  m_GameObject: {fileID: 1344700322}
  m_Enabled: 1
  m_CastShadows: 1
  m_ReceiveShadows: 1
  m_DynamicOccludee: 1
  m_MotionVectors: 1
  m_LightProbeUsage: 1
  m_ReflectionProbeUsage: 1
  m_RenderingLayerMask: 4294967295
  m_Materials:
  - {fileID: 2100000, guid: 86f0cf1a228dbfb42b75f320c8cae64b, type: 2}
  m_StaticBatchInfo:
    firstSubMesh: 0
    subMeshCount: 0
  m_StaticBatchRoot: {fileID: 0}
  m_ProbeAnchor: {fileID: 0}
  m_LightProbeVolumeOverride: {fileID: 0}
  m_ScaleInLightmap: 1
  m_PreserveUVs: 0
  m_IgnoreNormalsForChartDetection: 0
  m_ImportantGI: 0
  m_StitchLightmapSeams: 0
  m_SelectedEditorRenderState: 3
  m_MinimumChartSize: 4
  m_AutoUVMaxDistance: 0.5
  m_AutoUVMaxAngle: 89
  m_LightmapParameters: {fileID: 0}
  m_SortingLayerID: 0
  m_SortingLayer: 0
  m_SortingOrder: 0
--- !u!33 &1344700324
MeshFilter:
  m_ObjectHideFlags: 0
  m_CorrespondingSourceObject: {fileID: 33312220472424556, guid: 946f2c824deca66409f16e2bd2a248d5,
    type: 2}
  m_PrefabInternal: {fileID: 1672136003}
  m_GameObject: {fileID: 1344700322}
  m_Mesh: {fileID: 4300000, guid: 21613a0f4e8f2d146a4b02d3cfe8d0f0, type: 3}
--- !u!4 &1344700325
Transform:
  m_ObjectHideFlags: 0
  m_CorrespondingSourceObject: {fileID: 4704835689942024, guid: 946f2c824deca66409f16e2bd2a248d5,
    type: 2}
  m_PrefabInternal: {fileID: 1672136003}
  m_GameObject: {fileID: 1344700322}
  m_LocalRotation: {x: 0, y: -0, z: -0, w: 1}
  m_LocalPosition: {x: -0, y: 0, z: 0}
  m_LocalScale: {x: 1, y: 1, z: 1}
  m_Children: []
  m_Father: {fileID: 743682432}
  m_RootOrder: 0
  m_LocalEulerAnglesHint: {x: 0, y: 0, z: 0}
--- !u!1 &1479105030
GameObject:
  m_ObjectHideFlags: 0
  m_CorrespondingSourceObject: {fileID: 1142156884771516, guid: 6d13169903f75984f913fb6011d61d81,
    type: 2}
  m_PrefabInternal: {fileID: 164729988}
  serializedVersion: 6
  m_Component:
  - component: {fileID: 1479105033}
  - component: {fileID: 1479105032}
  - component: {fileID: 1479105031}
  m_Layer: 0
  m_Name: ScaffoldA_L0
  m_TagString: Untagged
  m_Icon: {fileID: 0}
  m_NavMeshLayer: 0
  m_StaticEditorFlags: 0
  m_IsActive: 1
--- !u!23 &1479105031
MeshRenderer:
  m_ObjectHideFlags: 0
  m_CorrespondingSourceObject: {fileID: 23321514199995544, guid: 6d13169903f75984f913fb6011d61d81,
    type: 2}
  m_PrefabInternal: {fileID: 164729988}
  m_GameObject: {fileID: 1479105030}
  m_Enabled: 1
  m_CastShadows: 1
  m_ReceiveShadows: 1
  m_DynamicOccludee: 1
  m_MotionVectors: 1
  m_LightProbeUsage: 1
  m_ReflectionProbeUsage: 1
  m_RenderingLayerMask: 4294967295
  m_Materials:
  - {fileID: 2100000, guid: 86f0cf1a228dbfb42b75f320c8cae64b, type: 2}
  m_StaticBatchInfo:
    firstSubMesh: 0
    subMeshCount: 0
  m_StaticBatchRoot: {fileID: 0}
  m_ProbeAnchor: {fileID: 0}
  m_LightProbeVolumeOverride: {fileID: 0}
  m_ScaleInLightmap: 1
  m_PreserveUVs: 0
  m_IgnoreNormalsForChartDetection: 0
  m_ImportantGI: 0
  m_StitchLightmapSeams: 0
  m_SelectedEditorRenderState: 3
  m_MinimumChartSize: 4
  m_AutoUVMaxDistance: 0.5
  m_AutoUVMaxAngle: 89
  m_LightmapParameters: {fileID: 0}
  m_SortingLayerID: 0
  m_SortingLayer: 0
  m_SortingOrder: 0
--- !u!33 &1479105032
MeshFilter:
  m_ObjectHideFlags: 0
  m_CorrespondingSourceObject: {fileID: 33756176769801064, guid: 6d13169903f75984f913fb6011d61d81,
    type: 2}
  m_PrefabInternal: {fileID: 164729988}
  m_GameObject: {fileID: 1479105030}
  m_Mesh: {fileID: 4300002, guid: 21613a0f4e8f2d146a4b02d3cfe8d0f0, type: 3}
--- !u!4 &1479105033
Transform:
  m_ObjectHideFlags: 0
  m_CorrespondingSourceObject: {fileID: 4043453770403166, guid: 6d13169903f75984f913fb6011d61d81,
    type: 2}
  m_PrefabInternal: {fileID: 164729988}
  m_GameObject: {fileID: 1479105030}
  m_LocalRotation: {x: 0, y: -0, z: -0, w: 1}
  m_LocalPosition: {x: -0, y: 0, z: 0}
  m_LocalScale: {x: 1, y: 1, z: 1}
  m_Children: []
  m_Father: {fileID: 125730307}
  m_RootOrder: 0
  m_LocalEulerAnglesHint: {x: 0, y: 0, z: 0}
--- !u!1 &1599052931
GameObject:
  m_ObjectHideFlags: 0
  m_CorrespondingSourceObject: {fileID: 1871325295114484, guid: 6d13169903f75984f913fb6011d61d81,
    type: 2}
  m_PrefabInternal: {fileID: 164729988}
  serializedVersion: 6
  m_Component:
  - component: {fileID: 1599052934}
  - component: {fileID: 1599052933}
  - component: {fileID: 1599052932}
  m_Layer: 0
  m_Name: ScaffoldA_L2
  m_TagString: Untagged
  m_Icon: {fileID: 0}
  m_NavMeshLayer: 0
  m_StaticEditorFlags: 0
  m_IsActive: 1
--- !u!23 &1599052932
MeshRenderer:
  m_ObjectHideFlags: 0
  m_CorrespondingSourceObject: {fileID: 23431014794810864, guid: 6d13169903f75984f913fb6011d61d81,
    type: 2}
  m_PrefabInternal: {fileID: 164729988}
  m_GameObject: {fileID: 1599052931}
  m_Enabled: 1
  m_CastShadows: 1
  m_ReceiveShadows: 1
  m_DynamicOccludee: 1
  m_MotionVectors: 1
  m_LightProbeUsage: 1
  m_ReflectionProbeUsage: 1
  m_RenderingLayerMask: 4294967295
  m_Materials:
  - {fileID: 2100000, guid: 86f0cf1a228dbfb42b75f320c8cae64b, type: 2}
  m_StaticBatchInfo:
    firstSubMesh: 0
    subMeshCount: 0
  m_StaticBatchRoot: {fileID: 0}
  m_ProbeAnchor: {fileID: 0}
  m_LightProbeVolumeOverride: {fileID: 0}
  m_ScaleInLightmap: 1
  m_PreserveUVs: 0
  m_IgnoreNormalsForChartDetection: 0
  m_ImportantGI: 0
  m_StitchLightmapSeams: 0
  m_SelectedEditorRenderState: 3
  m_MinimumChartSize: 4
  m_AutoUVMaxDistance: 0.5
  m_AutoUVMaxAngle: 89
  m_LightmapParameters: {fileID: 0}
  m_SortingLayerID: 0
  m_SortingLayer: 0
  m_SortingOrder: 0
--- !u!33 &1599052933
MeshFilter:
  m_ObjectHideFlags: 0
  m_CorrespondingSourceObject: {fileID: 33509536609519006, guid: 6d13169903f75984f913fb6011d61d81,
    type: 2}
  m_PrefabInternal: {fileID: 164729988}
  m_GameObject: {fileID: 1599052931}
  m_Mesh: {fileID: 4300006, guid: 21613a0f4e8f2d146a4b02d3cfe8d0f0, type: 3}
--- !u!4 &1599052934
Transform:
  m_ObjectHideFlags: 0
  m_CorrespondingSourceObject: {fileID: 4732803576860470, guid: 6d13169903f75984f913fb6011d61d81,
    type: 2}
  m_PrefabInternal: {fileID: 164729988}
  m_GameObject: {fileID: 1599052931}
  m_LocalRotation: {x: 0, y: -0, z: -0, w: 1}
  m_LocalPosition: {x: -0, y: 0, z: 0}
  m_LocalScale: {x: 1, y: 1, z: 1}
  m_Children: []
  m_Father: {fileID: 125730307}
  m_RootOrder: 1
  m_LocalEulerAnglesHint: {x: 0, y: 0, z: 0}
--- !u!1 &1631967144
GameObject:
  m_ObjectHideFlags: 0
  m_CorrespondingSourceObject: {fileID: 1776176291348848, guid: 946f2c824deca66409f16e2bd2a248d5,
    type: 2}
  m_PrefabInternal: {fileID: 1672136003}
  serializedVersion: 6
  m_Component:
  - component: {fileID: 1631967147}
  - component: {fileID: 1631967146}
  - component: {fileID: 1631967145}
  m_Layer: 0
  m_Name: ScaffoldB_L2
  m_TagString: Untagged
  m_Icon: {fileID: 0}
  m_NavMeshLayer: 0
  m_StaticEditorFlags: 0
  m_IsActive: 1
--- !u!23 &1631967145
MeshRenderer:
  m_ObjectHideFlags: 0
  m_CorrespondingSourceObject: {fileID: 23920383603126558, guid: 946f2c824deca66409f16e2bd2a248d5,
    type: 2}
  m_PrefabInternal: {fileID: 1672136003}
  m_GameObject: {fileID: 1631967144}
  m_Enabled: 1
  m_CastShadows: 1
  m_ReceiveShadows: 1
  m_DynamicOccludee: 1
  m_MotionVectors: 1
  m_LightProbeUsage: 1
  m_ReflectionProbeUsage: 1
  m_RenderingLayerMask: 4294967295
  m_Materials:
  - {fileID: 2100000, guid: 86f0cf1a228dbfb42b75f320c8cae64b, type: 2}
  m_StaticBatchInfo:
    firstSubMesh: 0
    subMeshCount: 0
  m_StaticBatchRoot: {fileID: 0}
  m_ProbeAnchor: {fileID: 0}
  m_LightProbeVolumeOverride: {fileID: 0}
  m_ScaleInLightmap: 1
  m_PreserveUVs: 0
  m_IgnoreNormalsForChartDetection: 0
  m_ImportantGI: 0
  m_StitchLightmapSeams: 0
  m_SelectedEditorRenderState: 3
  m_MinimumChartSize: 4
  m_AutoUVMaxDistance: 0.5
  m_AutoUVMaxAngle: 89
  m_LightmapParameters: {fileID: 0}
  m_SortingLayerID: 0
  m_SortingLayer: 0
  m_SortingOrder: 0
--- !u!33 &1631967146
MeshFilter:
  m_ObjectHideFlags: 0
  m_CorrespondingSourceObject: {fileID: 33594764141794232, guid: 946f2c824deca66409f16e2bd2a248d5,
    type: 2}
  m_PrefabInternal: {fileID: 1672136003}
  m_GameObject: {fileID: 1631967144}
  m_Mesh: {fileID: 4300010, guid: 21613a0f4e8f2d146a4b02d3cfe8d0f0, type: 3}
--- !u!4 &1631967147
Transform:
  m_ObjectHideFlags: 0
  m_CorrespondingSourceObject: {fileID: 4599420909107414, guid: 946f2c824deca66409f16e2bd2a248d5,
    type: 2}
  m_PrefabInternal: {fileID: 1672136003}
  m_GameObject: {fileID: 1631967144}
  m_LocalRotation: {x: 0, y: -0, z: -0, w: 1}
  m_LocalPosition: {x: -0, y: 0, z: 0}
  m_LocalScale: {x: 1, y: 1, z: 1}
  m_Children: []
  m_Father: {fileID: 743682432}
  m_RootOrder: 2
  m_LocalEulerAnglesHint: {x: 0, y: 0, z: 0}
--- !u!1001 &1672136003
Prefab:
  m_ObjectHideFlags: 0
  serializedVersion: 2
  m_Modification:
    m_TransformParent: {fileID: 0}
    m_Modifications:
    - target: {fileID: 4269640270012196, guid: 946f2c824deca66409f16e2bd2a248d5, type: 2}
      propertyPath: m_LocalPosition.x
      value: -3.09
      objectReference: {fileID: 0}
    - target: {fileID: 4269640270012196, guid: 946f2c824deca66409f16e2bd2a248d5, type: 2}
      propertyPath: m_LocalPosition.y
      value: 0
      objectReference: {fileID: 0}
    - target: {fileID: 4269640270012196, guid: 946f2c824deca66409f16e2bd2a248d5, type: 2}
      propertyPath: m_LocalPosition.z
      value: 0
      objectReference: {fileID: 0}
    - target: {fileID: 4269640270012196, guid: 946f2c824deca66409f16e2bd2a248d5, type: 2}
      propertyPath: m_LocalRotation.x
      value: 0
      objectReference: {fileID: 0}
    - target: {fileID: 4269640270012196, guid: 946f2c824deca66409f16e2bd2a248d5, type: 2}
      propertyPath: m_LocalRotation.y
      value: 0
      objectReference: {fileID: 0}
    - target: {fileID: 4269640270012196, guid: 946f2c824deca66409f16e2bd2a248d5, type: 2}
      propertyPath: m_LocalRotation.z
      value: 0
      objectReference: {fileID: 0}
    - target: {fileID: 4269640270012196, guid: 946f2c824deca66409f16e2bd2a248d5, type: 2}
      propertyPath: m_LocalRotation.w
      value: 1
      objectReference: {fileID: 0}
    - target: {fileID: 4269640270012196, guid: 946f2c824deca66409f16e2bd2a248d5, type: 2}
      propertyPath: m_RootOrder
      value: 1
      objectReference: {fileID: 0}
    m_RemovedComponents: []
  m_SourcePrefab: {fileID: 100100000, guid: 946f2c824deca66409f16e2bd2a248d5, type: 2}
  m_RootGameObject: {fileID: 743682429}
  m_IsPrefabAsset: 0
